<record><leader>00000cas a22000001a 4500</leader><controlfield tag="001">32646008</controlfield><controlfield tag="007">hd bfb019baaa</controlfield><controlfield tag="008">950613d18811883nyucr nea     0    0eng c</controlfield><datafield ind1=" " ind2=" " tag="010"><subfield code="a">sn 94090988 </subfield></datafield><datafield ind1=" " ind2=" " tag="040"><subfield code="a">NN</subfield><subfield code="b">eng</subfield><subfield code="c">RQM</subfield><subfield code="d">OCLCQ</subfield></datafield><datafield ind1=" " ind2=" " tag="012"><subfield code="i">9506</subfield></datafield><datafield ind1=" " ind2=" " tag="042"><subfield code="a">pcc</subfield></datafield><datafield ind1="0" ind2=" " tag="130"><subfield code="a">New York world (New York, N.Y. : 1881 : Semiweekly)</subfield></datafield><datafield ind1="1" ind2="4" tag="245"><subfield code="a">The New York world</subfield><subfield code="h">[microform].</subfield></datafield><datafield ind1=" " ind2=" " tag="250"><subfield code="a">Semi-weekly ed.</subfield></datafield><datafield ind1=" " ind2=" " tag="260"><subfield code="a">New York :</subfield><subfield code="b">[s.n.],</subfield><subfield code="c">1881-1883.</subfield></datafield><datafield ind1=" " ind2=" " tag="300"><subfield code="a">2 v.</subfield></datafield><datafield ind1=" " ind2=" " tag="310"><subfield code="a">Semiweekly</subfield></datafield><datafield ind1="0" ind2=" " tag="362"><subfield code="a">Vol. 22, no. 2185 [i.e. 2189] (Aug. 23, 1881)-v. 23, no. 2368 (May 11, 1883).</subfield></datafield><datafield ind1=" " ind2=" " tag="580"><subfield code="a">Also issued in daily and weekly eds.</subfield></datafield><datafield ind1=" " ind2=" " tag="533"><subfield code="a">Microfilm.</subfield><subfield code="m">Aug. 23,1881-May 11,1883:[Gaps] On film with related titles.</subfield><subfield code="b">New York :</subfield><subfield code="c">New York Public Library,</subfield><subfield code="d">[19--].</subfield><subfield code="e">24 microfilm reels ; 35 mm.</subfield></datafield><datafield ind1=" " ind2="4" tag="651"><subfield code="a">New York (N.Y.)</subfield><subfield code="v">Newspapers.</subfield></datafield><datafield ind1=" " ind2=" " tag="752"><subfield code="a">United States</subfield><subfield code="b">New York</subfield><subfield code="c">New York</subfield><subfield code="d">New York.</subfield></datafield><datafield ind1="1" ind2=" " tag="775"><subfield code="t">New York world (New York, N.Y. : Daily : 1881)</subfield><subfield code="w">(DLC)sn 94084552</subfield></datafield><datafield ind1="1" ind2=" " tag="775"><subfield code="t">World (New York, N.Y. : 1860 : Weekly)</subfield></datafield><datafield ind1="1" ind2=" " tag="776"><subfield code="c">Original</subfield><subfield code="w">(DLC)sn 84045536</subfield></datafield><datafield ind1="0" ind2="0" tag="780"><subfield code="t">World (New York, N.Y. : 1860 : Semiweekly)</subfield><subfield code="w">(DLC)sn 94090987</subfield></datafield><datafield ind1="0" ind2="0" tag="785"><subfield code="t">World (New York, N.Y. : 1883 : Semiweekly)</subfield><subfield code="w">(DLC)sn 94090989</subfield></datafield><datafield ind1=" " ind2=" " tag="850"><subfield code="a">NN</subfield><subfield code="a">NN (master)</subfield></datafield><datafield ind1="1" ind2=" " tag="029"><subfield code="a">AU@</subfield><subfield code="b">000011784980</subfield></datafield></record>